@article{SFI,
  author       = {Gang Tan},
  title        = {Principles and Implementation Techniques of Software-Based Fault Isolation},
  journal      = {Foundations and Trends in Privacy and Security},
  volume       = {1},
  number       = {3},
  pages        = {137--198},
  year         = {2017},
  doi          = {10.1561/3300000013},
}
